@incollection{ismail2018survey,
	title={A survey and analysis of cooperative multi-agent robot systems: 
	challenges and directions},
	author={Ismail, Zool Hilmi and Sariff, Nohaidda},
	booktitle={Applications of Mobile Robots},
	year={2018},
	publisher={IntechOpen}
}